<record><leader>00000cas a2200000 a 4500</leader><controlfield tag="001">25718933</controlfield><controlfield tag="007">hd afv---baca</controlfield><controlfield tag="007">hd bfv---baaa</controlfield><controlfield tag="007">hd bfv---baba</controlfield><controlfield tag="008">920427d18631865nyuwr nea     0    0eng c</controlfield><datafield ind1=" " ind2=" " tag="010"><subfield code="a">sn 99016379 </subfield></datafield><datafield ind1=" " ind2=" " tag="040"><subfield code="a">ZBS</subfield><subfield code="b">eng</subfield><subfield code="c">ZBS</subfield><subfield code="d">ATL</subfield><subfield code="d">OCLCQ</subfield><subfield code="d">OCLCF</subfield><subfield code="d">OCLCO</subfield><subfield code="d">OCLCQ</subfield></datafield><datafield ind1=" " ind2=" " tag="042"><subfield code="a">pcc</subfield></datafield><datafield ind1="1" ind2="4" tag="050"><subfield code="a">BX6201</subfield></datafield><datafield ind1="0" ind2=" " tag="130"><subfield code="a">Chronicle (New York, N.Y.)</subfield></datafield><datafield ind1="1" ind2="4" tag="245"><subfield code="a">The chronicle.</subfield></datafield><datafield ind1="1" ind2="3" tag="246"><subfield code="a">New York chronicle and Philadelphia Christian chronicle</subfield></datafield><datafield ind1="1" ind2="3" tag="246"><subfield code="a">Philadelphia Christian chronicle</subfield></datafield><datafield ind1="1" ind2="3" tag="246"><subfield code="a">New York chronicle and Christian chronicle</subfield></datafield><datafield ind1="1" ind2="3" tag="246"><subfield code="a">Christian chronicle</subfield></datafield><datafield ind1=" " ind2=" " tag="260"><subfield code="a">New York [N.Y.] ;</subfield><subfield code="a">Philadelphia [Pa.] :</subfield><subfield code="b">P. Church &amp; Co.,</subfield><subfield code="c">1863-1865.</subfield></datafield><datafield ind1=" " ind2=" " tag="300"><subfield code="a">3 volumes</subfield></datafield><datafield ind1=" " ind2=" " tag="310"><subfield code="a">Weekly</subfield></datafield><datafield ind1=" " ind2=" " tag="336"><subfield code="a">text</subfield><subfield code="b">txt</subfield><subfield code="2">rdacontent</subfield></datafield><datafield ind1=" " ind2=" " tag="337"><subfield code="a">microform</subfield><subfield code="b">h</subfield><subfield code="2">rdamedia</subfield></datafield><datafield ind1=" " ind2=" " tag="338"><subfield code="a">microfilm reel</subfield><subfield code="b">hd</subfield><subfield code="2">rdacarrier</subfield></datafield><datafield ind1="0" ind2=" " tag="362"><subfield code="a">Whole no. 898 (Oct. 29, 1863)-whole no. 967 (Feb. 23, 1865).</subfield></datafield><datafield ind1=" " ind2=" " tag="515"><subfield code="a">Issues also carry the numbering of the New York chronicle and the Christian chronicle.</subfield></datafield><datafield ind1=" " ind2=" " tag="580"><subfield code="a">Formed by the union of: New York chronicle (New York, N.Y. : 1851), and Christian chronicle (Philadelphia, Pa.).</subfield></datafield><datafield ind1=" " ind2=" " tag="580"><subfield code="a">Merged with: Examiner, or New-York recorder and New-York Baptist register, to form: Examiner and chronicle.</subfield></datafield><datafield ind1=" " ind2=" " tag="533"><subfield code="a">Microfilm.</subfield><subfield code="m">no. 898-967 (1863-1865):[Lacks:no. 965]</subfield><subfield code="b">Evanston, Ill. :</subfield><subfield code="c">American Theological Library Association,</subfield><subfield code="d">1980.</subfield><subfield code="e">1 microfilm reel ; 35 mm.</subfield><subfield code="f">(ATLA serials preservation program ; ATLA film R0119C).</subfield><subfield code="n">Reel includes some issues of New York chronicle (New York, N.Y.).</subfield></datafield><datafield ind1=" " ind2="0" tag="650"><subfield code="a">Baptists</subfield><subfield code="v">Newspapers.</subfield></datafield><datafield ind1=" " ind2="7" tag="650"><subfield code="a">Baptists.</subfield><subfield code="2">fast</subfield><subfield code="0">(OCoLC)fst00827285</subfield></datafield><datafield ind1=" " ind2="7" tag="655"><subfield code="a">Newspapers.</subfield><subfield code="2">fast</subfield><subfield code="0">(OCoLC)fst01423814</subfield></datafield><datafield ind1=" " ind2=" " tag="752"><subfield code="a">United States</subfield><subfield code="b">New York</subfield><subfield code="c">New York</subfield><subfield code="d">New York.</subfield></datafield><datafield ind1=" " ind2=" " tag="752"><subfield code="a">United States</subfield><subfield code="b">Pennsylvania</subfield><subfield code="c">Philadelphia</subfield><subfield code="d">Philadelphia.</subfield></datafield><datafield ind1="1" ind2=" " tag="776"><subfield code="c">Original</subfield><subfield code="w">(DLC)sn 87060225</subfield><subfield code="w">(OCoLC)15633291</subfield></datafield><datafield ind1="1" ind2="4" tag="780"><subfield code="t">New York chronicle (New York, N.Y. : 1851)</subfield><subfield code="w">(DLC)sn 99016378</subfield><subfield code="w">(OCoLC)25718865</subfield></datafield><datafield ind1="1" ind2="4" tag="780"><subfield code="t">Christian chronicle (Philadelphia, Pa.)</subfield><subfield code="w">(DLC)sn 99016347</subfield><subfield code="w">(OCoLC)42588476</subfield></datafield><datafield ind1="1" ind2="7" tag="785"><subfield code="t">Examiner, or, New-York recorder and New-York Baptist register</subfield><subfield code="w">(DLC)  2001221633</subfield><subfield code="w">(OCoLC)9653900</subfield></datafield><datafield ind1="1" ind2="7" tag="785"><subfield code="t">Examiner and chronicle</subfield><subfield code="w">(DLC)  2001221634</subfield><subfield code="w">((OCoLC)9655253</subfield></datafield><datafield ind1=" " ind2="0" tag="830"><subfield code="a">ATLA serials preservation program ;</subfield><subfield code="v">ATLA film R0119C.</subfield></datafield><datafield ind1="1" ind2=" " tag="029"><subfield code="a">AU@</subfield><subfield code="b">000025931311</subfield></datafield></record>